
@article{jurak2021associations,
  title={Associations of mode and distance of commuting to school with cardiorespiratory fitness in Slovenian schoolchildren: a nationwide cross-sectional study},
  author={Jurak, Gregor and Soric, Maroje and Sember, Vedrana and Djuric, Sasa and Starc, Gregor and Kovac, Marjeta and Leskosek, Bojan},
  journal={BMC public health},
  volume={21},
  pages={1--10},
  year={2021},
  publisher={Springer}
}